<?xml version="1.0" encoding="UTF-8"?><collection xmlns="http://www.loc.gov/MARC21/slim"><record><leader>00400nam--2200157-i-4500</leader><controlfield tag="001">000012296</controlfield><controlfield tag="002">20161230</controlfield><controlfield tag="005">20170301232821</controlfield><controlfield tag="008">060222s1000------------r-----000-0-eng-d</controlfield><datafield ind1=" " ind2=" " tag="100"><subfield code="a">Bursey, Maurice M</subfield></datafield><datafield ind1=" " ind2=" " tag="245"><subfield code="a">Ion cyclotron resonance spectrometry</subfield></datafield><datafield ind1=" " ind2=" " tag="260"><subfield code="a">New York</subfield><subfield code="b">John Wiley &amp; Sons</subfield><subfield code="c">1976</subfield></datafield><datafield ind1=" " ind2=" " tag="300"><subfield code="a">230 p</subfield></datafield><datafield ind1=" " ind2=" " tag="700"><subfield code="a">Lehman, Thomas</subfield></datafield><datafield ind1=" " ind2=" " tag="852"><subfield code="a">543.42</subfield></datafield><datafield ind1=" " ind2=" " tag="CAT"><subfield code="a">SYS</subfield><subfield code="c">20170301</subfield><subfield code="h">232821</subfield></datafield></record></collection>